@inproceedings{langley00,
 author    = {P. Langley},
 title     = {Crafting Papers on Machine Learning},
 year      = {2000},
 pages     = {1207--1216},
 editor    = {Pat Langley},
 booktitle     = {Proceedings of the 17th International Conference
              on Machine Learning (ICML 2000)},
 address   = {Stanford, CA},
 publisher = {Morgan Kaufmann}
}

@TechReport{mitchell80,
  author = 	 "T. M. Mitchell",
  title = 	 "The Need for Biases in Learning Generalizations",
  institution =  "Computer Science Department, Rutgers University",
  year = 	 "1980",
  address =	 "New Brunswick, MA",
}

@phdthesis{kearns89,
  author = {M. J. Kearns},
  title =  {Computational Complexity of Machine Learning},
  school = {Department of Computer Science, Harvard University},
  year =   {1989}
}

@Book{MachineLearningI,
  editor = 	 "R. S. Michalski and J. G. Carbonell and T.
		  M. Mitchell",
  title = 	 "Machine Learning: An Artificial Intelligence
		  Approach, Vol. I",
  publisher = 	 "Tioga",
  year = 	 "1983",
  address =	 "Palo Alto, CA"
}

@book{anderson2013numbers,
	title={The numbers game: Why everything you know about football is wrong},
	author={Anderson, Chris and Sally, David},
	year={2013},
	publisher={Penguin UK}
}

@inproceedings{cheng2003new,
	title={A new model to forecast the results of matches based on hybrid neural networks in the soccer rating system},
	author={Cheng, Taoya and Cui, Deguang and Fan, Zhimin and Zhou, Jie and Lu, Siwei},
	booktitle={Computational Intelligence and Multimedia Applications, 2003. ICCIMA 2003. Proceedings. Fifth International Conference on},
	pages={308--313},
	year={2003},
	organization={IEEE}
}

@inproceedings{aslan2007comparative,
	title={A comparative study on neural network based soccer result prediction},
	author={Aslan, Burak Galip and Inceoglu, Mustafa Murat},
	booktitle={Intelligent Systems Design and Applications, 2007. ISDA 2007. Seventh International Conference on},
	pages={545--550},
	year={2007},
	organization={IEEE}
}


@article{federation2007fifa,
	title={FIFA big count 2006: 270 million people active in football},
	author={Federation Internationale de Football Association and others},
	journal={Retrieved February},
	volume={20},
	pages={2012},
	year={2007}
}

@Misc{ogol,
	Title = {www.ogol.com.br :: Tudo sobre Futebol},
	Author = {ogol}, 
	Year = {2015},
	URL = {http://www.ogol.com.br},
	URLaccessdate = {14 de maio de 2015}
}
@Article{artenegra,
	Author = {G. F. Miller and P. M. Todd and S\. U\. Hegde\. },
	Journal = {Proceedings of the 3rd International Conference on Genetic Algorithms},
	Title = {Designing neural networks using genetic algorithms.},
	Year = {1989},
	Pages = {379--384}
}

@Article {park,
	Title = {Designing neural networks using genetic algorithms.},
	Author = {Jeongsun Park},
	Year = {1995},
	Pages = {2309--2314}
}
@Book{haykin,
	Title                    = {Redes Neurais: princípios e práticas. Traduzido por: Paulo Martins Engel},
	Author                   = {Haykin, S},
	Publisher                = {Bookman},
	Edition                  = {2},
	Year                     = {2001}
}

@article{cybenko,
	year={1989},
	issn={0932-4194},
	journal={Mathematics of Control, Signals and Systems},
	volume={2},
	number={4},
	doi={10.1007/BF02551274},
	title={Approximation by superpositions of a sigmoidal function},
	url={http://dx.doi.org/10.1007/BF02551274},
	publisher={Springer-Verlag},
	author={Cybenko, G.},
	pages={303-314},
	language={English}
}

@article{rumelhart1988,
	title={Learning representations by back-propagating errors},
	author={Rumelhart, David E and Hinton, Geoffrey E and Williams, Ronald J},
	journal={Cognitive modeling},
	volume={5},
	year={1988}
}

@book{Elo,
	title={The rating of chessplayers, past and present},
	author={Elo, Arpad E},
	year={1978},
	publisher={Arco Pub.}
}

@Misc{sofifa,
	Title = {Teams - FIFA - SoFIFA},
	Author = { SoFIFA},
	Year = {2015},
	URL = { http://sofifa.com/teams/?hl=en-GB },
	URLaccessdate = {05/14/2015}
}

@Misc{database,
	Title = {Soccer Database},
	Author = {kaggle},
	Year = {2016},
	URL = { https://www.kaggle.com/hugomathien/soccer},
	URLaccessdate = {10/23/2016}
}

@article{matrixConf,
	title={A review of assessing the accuracy of classifications of remotely sensed data},
	author={Congalton, Russell G},
	journal={Remote sensing of environment},
	volume={37},
	number={1},
	pages={35--46},
	year={1991},
	publisher={Elsevier}
}

