	\begin{thebibliography}{8}
		\bibitem{aslan2007comparative}
		ASLAN, B. G.; INCEOGLU, M. M. A comparative study on neural network based soccer
		result prediction. In: IEEE. \emph{Intelligent Systems Design and Applications, 2007. ISDA
			2007. Seventh International Conference on.} [S.l.], 2007. p. 545–550.
		\bibitem{cheng2003new}
		CHENG, T.; CUI, D.; FAN, Z.; ZHOU, J.; LU, S. A new model to forecast the results of matches based on hybrid neural networks in the soccer rating system. In: IEEE. \emph{Computational Intelligence and Multimedia Applications, 2003. ICCIMA 2003. Proceedings. Fifth International Conference on.} [S.l.], 2003. p. 308–313.
		\bibitem{matrixConf}
		CONGALTON, R. G. \emph{A review of assessing the accuracy classifications of
			remotely sensed data}. Remote Sensing of Environment, New York, v. 49, n. 12, p.
		1671-1678, Dec. 1991.
		\bibitem{Elo}
		Elo, A.E.: \emph{The Rating of Chess Players, Past and Present}, Arco Publishing, New York (1978).
		\bibitem{FIFA}
		FIFA. 270 million people active in football. \emph{FIFA Communications Division, Information Services,} v. 31, p. 2007, 2006.
		\bibitem{ingles}
		O Gol, \emph{www.ogol.com.br :: Tudo sobre Futebol}, http://www.ogol.com.br, acessado em 14 de maio de 2015.
		\bibitem{sofifa}
		SoFIFA, \emph{Teams - FIFA - SoFIFA}, http://sofifa.com/teams/?hl=en-GB, acessado em 14 de maio de 2015.
		
		\bibitem{Haykin}
		S. O. Haykin, \emph{Neural Networks and Learning Machines}. Prentice-Hall, 2008.
		%\verb+\+hskip 1em plus 0.5em minus 0.4em\verb+\+relax
	\end{thebibliography}